% This file was created with JabRef 2.10.
% Encoding: Cp1252

@INPROCEEDINGS{Y1,  author={S. N. {Abdullah} and X. {Zeng}},  booktitle={The 2010 International Joint Conference on Neural Networks (IJCNN)},   title={Machine learning approach for crude oil price prediction with Artificial Neural Networks-Quantitative (ANN-Q) model},   year={2010},  volume={},  number={},  pages={1-8},}

@article{Y2,
author = {Al-Fattah, Saud},
year = {2013},
month = {02},
pages = {},
title = {Artificial Neural Network Models for Forecasting Global Oil Market Volatility},
journal = {SSRN Electronic Journal},
doi = {10.2139/ssrn.2216337}
}

@article{Y3,
author = {Al-Fattah, Saud},
year = {2019},
month = {08},
pages = {817-826},
title = {Artificial Intelligence Approach for Modeling and Forecasting Oil-Price Volatility},
volume = {22},
journal = {SPE Reservoir Evaluation & Engineering},
doi = {10.2118/195584-PA}
}
@misc{Y4,
    title={Forecasting Model for Crude Oil Price Using Artificial Neural Networks and Commodity Futures Prices},
    author={Siddhivinayak Kulkarni and Imad Haidar},
    year={2009},
    eprint={0906.4838},
    archivePrefix={arXiv},
    primaryClass={cs.NE}
}

@article{Y5,
  title={Multivariate quality control},
  author={Lewicki, Paul and Hill, Thomas and Qazaz, Cazhaow},
  journal={Quality},
  volume={46},
  number={4},
  pages={38},
  year={2007},
  publisher={BNP Media}
}

@book{Y6,
  title={Neural networks in finance: gaining predictive edge in the market},
  author={McNelis, Paul D},
  year={2005},
  publisher={Academic Press}
}

@inproceedings{Y7,
author = {Mahdi, A. A. and Hussain, A. J. and Al-Jumeily, D.},
title = {Adaptive Neural Network Model Using the Immune System for Financial Time Series Forecasting},
year = {2009},
isbn = {9780769537955},
publisher = {IEEE Computer Society},
address = {USA},
url = {https://doi.org/10.1109/CSSim.2009.57},
doi = {10.1109/CSSim.2009.57},
booktitle = {Proceedings of the 2009 International Conference on Computational Intelligence, Modelling and Simulation},
pages = {104–109},
numpages = {6},
series = {CSSIM ’09}
}

@article{huppmann2012crude,
  title={Crude oil market power—a shift in recent years?},
  author={Huppmann, Daniel and Holz, Franziska},
  journal={The Energy Journal},
  volume={33},
  number={4},
  year={2012},
  publisher={International Association for Energy Economics}
}

@article{powell1990target,
  title={The target capacity-utilization model of OPEC and the dynamics of the world oil market},
  author={Powell, Stephen G},
  journal={The Energy Journal},
  volume={11},
  number={1},
  year={1990},
  publisher={International Association for Energy Economics}
}
@article{wurbs1993reservoir,
  title={Reservoir-system simulation and optimization models},
  author={Wurbs, Ralph A},
  journal={Journal of water resources planning and management},
  volume={119},
  number={4},
  pages={455--472},
  year={1993},
  publisher={American Society of Civil Engineers}
}

@article{huntington2013oil,
  title={Oil markets and price movements: A survey of models},
  author={Huntington, Hillard and Al-Fattah, Saud and Huang, Zhuo and Gucwa, Michael and Nouri, Ali},
  year={2013},
  publisher={USAEE Working Paper}
}

@article{blitzer1975dynamic,
  title={A dynamic model of OPEC trade and production},
  author={Blitzer, Charles and Meeraus, Alex and Stoutjesdijk, Ardy},
  journal={Journal of Development Economics},
  volume={2},
  number={4},
  pages={319--335},
  year={1975},
  publisher={Elsevier}
}

@article{baldwin1988world,
  title={World oil market simulation},
  author={Baldwin, Nick and Prosser, Richard},
  journal={Energy economics},
  volume={10},
  number={3},
  pages={185--198},
  year={1988},
  publisher={Elsevier}
}

@article{gately2004opec,
  title={OPEC's incentives for faster output growth},
  author={Gately, Dermot},
  journal={The Energy Journal},
  volume={25},
  number={2},
  year={2004},
  publisher={International Association for Energy Economics}
}

@article{hogan1975energy,
  title={Energy policy models for project independence},
  author={Hogan, William W},
  journal={Computers \& Operations Research},
  volume={2},
  number={3-4},
  pages={251--271},
  year={1975},
  publisher={Elsevier}
}

@misc{brent, title={Brent crude oil 1970-2020 Data}, url={https://tradingeconomics.com/commodity/brent-crude-oil}, journal={Brent crude oil | 1970-2020 Data | 2021-2022 Forecast | Price | Quote | Chart},author={Tradingeconomics.com},year={2020}}


@article{lund2017simulation,
  title={Simulation versus optimisation: theoretical positions in energy system modelling},
  author={Lund, Henrik and Arler, Finn and {\O}stergaard, Poul Alberg and Hvelplund, Frede and Connolly, David and Mathiesen, Brian Vad and Karn{\o}e, Peter},
  journal={Energies},
  volume={10},
  number={7},
  pages={840},
  year={2017},
  publisher={Multidisciplinary Digital Publishing Institute}
}

@article{salant1976exhaustible,
  title={Exhaustible resources and industrial structure: A Nash-Cournot approach to the world oil market},
  author={Salant, Stephen W},
  journal={Journal of Political Economy},
  volume={84},
  number={5},
  pages={1079--1093},
  year={1976},
  publisher={The University of Chicago Press}
}

@article{marshalla1986future,
  title={Future world oil prices and production levels: an economic analysis},
  author={Marshalla, Robert A and Nesbitt, Dale M},
  journal={The Energy Journal},
  volume={7},
  number={1},
  year={1986},
  publisher={International Association for Energy Economics}
}

@article{ansari2017opec,
  title={OPEC, Saudi Arabia, and the shale revolution: Insights from equilibrium modelling and oil politics},
  author={Ansari, Dawud},
  journal={Energy Policy},
  volume={111},
  pages={166--178},
  year={2017},
  publisher={Elsevier}
}


@article{huntington2013oil,
  title={Oil markets and price movements: A survey of models},
  author={Huntington, Hillard and Al-Fattah, Saud and Huang, Zhuo and Gucwa, Michael and Nouri, Ali},
  year={2013},
  publisher={USAEE Working Paper}
}

@article{lauterbach1990pricing,
  title={Pricing warrants: an empirical study of the Black-Scholes model and its alternatives},
  author={Lauterbach, Beni and Schultz, Paul},
  journal={The Journal of Finance},
  volume={45},
  number={4},
  pages={1181--1209},
  year={1990},
  publisher={Wiley Online Library}
}

@article{kilian2014role,
  title={The role of inventories and speculative trading in the global market for crude oil},
  author={Kilian, Lutz and Murphy, Daniel P},
  journal={Journal of Applied Econometrics},
  volume={29},
  number={3},
  pages={454--478},
  year={2014},
  publisher={Wiley Online Library}
}

@article{kilian2009not,
  title={Not all oil price shocks are alike: Disentangling demand and supply shocks in the crude oil market},
  author={Kilian, Lutz},
  journal={American Economic Review},
  volume={99},
  number={3},
  pages={1053--69},
  year={2009}
}
@article{horn2004opec,
  title={OPEC's optimal crude oil price},
  author={Horn, Manfred},
  journal={Energy Policy},
  volume={32},
  number={2},
  pages={269--280},
  year={2004},
  publisher={Elsevier}
}
@techreport{celta2000opec,
  title={OPEC as a social welfare maximizer},
  author={Celta, Daniel J and Dahl, Carol A and others},
  year={2000}
}

@article{salant1982imperfect,
  title={Imperfect competition in the international energy market: a computerized Nash-Cournot model},
  author={Salant, Stephen W},
  journal={Operations research},
  volume={30},
  number={2},
  pages={252--280},
  year={1982},
  publisher={INFORMS}
}

@article{hogan1975energy,
  title={Energy policy models for project independence},
  author={Hogan, William W},
  journal={Computers \& Operations Research},
  volume={2},
  number={3-4},
  pages={251--271},
  year={1975},
  publisher={Elsevier}
}
@misc{daly1982recent,
  title={Recent Oil Price Escalations: Implications for OPEC Stability},
  author={Daly, George and Griffin, James M and Steele, Henry B},
  journal={OPEC behavior and world oil prices},
  pages={145--174},
  year={1982},
  publisher={London}
}
@article{deam1973world,
  title={World energy modelling: the development of Western European oil prices},
  author={Deam, RJ and Laughton, MA and Hale, JG and Isaac, JR and Leather, J and O'Carroll, FM and Ward, PC},
  journal={Energy policy},
  volume={1},
  number={1},
  pages={21--34},
  year={1973},
  publisher={Elsevier}
}
@article{ben1976oil,
  title={Oil: prices and capital},
  author={Ben-Shahar, Haim},
  year={1976},
  publisher={DC Heath and Company, Lexington, MA}
}
@article{ezzati1976future,
  title={Future OPEC price and production strategies as affected by its capacity to absorb oil revenues},
  author={Ezzati, Ali},
  journal={European Economic Review},
  volume={8},
  number={2},
  pages={107--138},
  year={1976},
  publisher={Elsevier}
}

@phdthesis{al2008model,
  title={A model for the global oil market: Optimal oil production levels for Saudi Arabia},
  author={Al-Qahtani, Ayed and Balistreri, Edward and Dahl, Carol A},
  year={2008},
  school={Colorado School of Mines}
}

@article{nordhaus1973allocation,
  title={The allocation of energy resources. 3, 529-576},
  author={Nordhaus, W},
  journal={Brookings Institution},
  year={1973}
}

@article{kalymon1975economic,
  title={Economic incentives in OPEC oil pricing policy},
  author={Kalymon, Basil A},
  journal={Journal of Development Economics},
  volume={2},
  number={4},
  pages={337--362},
  year={1975},
  publisher={Elsevier}
}
